@Article{volcan,
author = {Reinier Broker, Kristin Lauter, Andrew V. Sutherland},
title = {Modular polynomials via isogeny volcanoes},
journal = {Mathematics of Computation 81},
year = {2010},
OPTmonth = {Janvier}
}

@Book{complexbook,
ALTauthor = {Tom M.Apostol},
ALTeditor = {Springer-Verlag},
title = {Modular Functions and Dirichlet Series in Number Theory},
year = {1976}
}

@Article{artSchoof,
author = {René Schoof},
title = {Counting points on elliptic curves over finite fields},
journal = {Journal de Théorie des Nombres de Bordeaux 7},
year = {1995},
OPTpages = {219-254}
}

@PhdThesis{sea,
author = {Ben Galin},
title = {Schoof-Elkies-Atkins Algorithm},
school = {Standford University},
year = {2007}
}

@Misc{csi,
OPTauthor = {Jean-Marc Couveignes},
OPTtitle = {Courbes Elliptiques}
}

